@techreport{ATL-PHYS-PUB-2017-015,
      title         = "{Improving jet substructure performance in ATLAS using
                       Track-CaloClusters}",
      institution   = "CERN",
      collaboration = "ATLAS Collaboration",
      address       = "Geneva",
      number        = "ATL-PHYS-PUB-2017-015",
      month         = "Jul",
      year          = "2017",
      reportNumber  = "ATL-PHYS-PUB-2017-015",
      url           = "https://cds.cern.ch/record/2275636",
}

@article{Huth:217490,
      author        = "Huth, J E and Wainer, N and Meier, K and Hadley, N J and
                       Aversa, F and Greco, Mario and Chiappetta, P and Guillet, J
                       P and Ellis, S and Kunszt, Zolt√°n and Soper, Davison
                       Eugene",
      title         = "{Toward a standardization of jet definitions}",
      number        = "FERMILAB-CONF-90-249-E",
      pages         = "7 p",
      month         = "Dec",
      year          = "1990",
      url           = "https://cds.cern.ch/record/217490",
}

@article{Aad:2016upy,
    author = "Aad, Georges and others",
    collaboration = "ATLAS",
    title = "{Topological cell clustering in the ATLAS calorimeters and its performance in LHC Run 1}",
    eprint = "1603.02934",
    archivePrefix = "arXiv",
    primaryClass = "hep-ex",
    reportNumber = "CERN-PH-EP-2015-304",
    doi = "10.1140/epjc/s10052-017-5004-5",
    journal = "Eur. Phys. J. C",
    volume = "77",
    pages = "490",
    year = "2017"
}

@techreport{ATLAS-CONF-2016-035,
      title         = "{Jet mass reconstruction with the ATLAS Detector in early
                       Run 2 data}",
      institution   = "CERN",
      collaboration = "ATLAS Collaboration",
      address       = "Geneva",
      number        = "ATLAS-CONF-2016-035",
      month         = "Jul",
      year          = "2016",
      reportNumber  = "ATLAS-CONF-2016-035",
      url           = "https://cds.cern.ch/record/2200211",
}

@article{Cacciari:2008gp,
    author = "Cacciari, Matteo and Salam, Gavin P. and Soyez, Gregory",
    title = "{The anti-$k_t$ jet clustering algorithm}",
    eprint = "0802.1189",
    archivePrefix = "arXiv",
    primaryClass = "hep-ph",
    reportNumber = "LPTHE-07-03",
    doi = "10.1088/1126-6708/2008/04/063",
    journal = "JHEP",
    volume = "04",
    pages = "063",
    year = "2008"
}

@techreport{ATL-PHYS-PUB-2017-010,
      title         = "{Variable Radius, Exclusive-k$_{T}$, and Center-of-Mass
                       Subjet Reconstruction for Higgs($\rightarrow b\bar{b}$)
                       Tagging in ATLAS}",
      institution   = "CERN",
      collaboration = "ATLAS Collaboration",
      address       = "Geneva",
      number        = "ATL-PHYS-PUB-2017-010",
      month         = "Jun",
      year          = "2017",
      reportNumber  = "ATL-PHYS-PUB-2017-010",
      url           = "https://cds.cern.ch/record/2268678",
}

@techreport{ATLAS-CONF-2012-065,
      title         = "{Performance of large-R jets and jet substructure
                       reconstruction with the ATLAS detector}",
      institution   = "CERN",
      collaboration = "ATLAS Collaboration",
      address       = "Geneva",
      number        = "ATLAS-CONF-2012-065",
      month         = "Jul",
      year          = "2012",
      reportNumber  = "ATLAS-CONF-2012-065",
      url           = "https://cds.cern.ch/record/1459530",
}
