@BOOK{Bathe2006,
AUTHOR = {K. J. Bathe},
TITLE = {Finite element procedures},
PUBLISHER = {Prentice Hall},
YEAR = {1996},
edition = {1st Edition},
}

@article{krysl_belytschko_1999,
	title={The Element Free Galerkin method for dynamic propagation of arbitrary 3-D cracks},
	volume={44},
	DOI={10.1002/(sici)1097-0207(19990228)44:6<767::aid-nme524>3.0.co;2-g},
	number={6},
	journal={International Journal for Numerical Methods in Engineering},
	author={Krysl, Petr and Belytschko, Ted},
	year={1999},
	pages={767-800}
},

@article{augarde_deeks_2008,
	title={The use of Timoshenko's exact solution for a cantilever beam in adaptive analysis},
	volume={44},
	DOI={10.1016/j.finel.2008.01.010},
	number={9-10},
	journal={Finite Elements in Analysis and Design},
	author={Augarde, Charles E. and Deeks, Andrew J.},
	year={2008},
	pages={595-601}
}

@manual{comsol2011multiphysics,
	added-at = {2013-01-26T21:47:11.000+0100},
	author = {Comsol},
	biburl = {http://www.bibsonomy.org/bibtex/2f361a03ad8ae8f1dd1ca5afa6d72946e/lcschoening},
	interhash = {4f8c4fe3f8dbe45696e13dbfda56696e},
	intrahash = {f361a03ad8ae8f1dd1ca5afa6d72946e},
	keywords = {2ndyear comsol},
	timestamp = {2013-03-16T23:52:24.000+0100},
	title = {Multiphysics Reference Guide for COMSOL 4.2},
	year = {2011}
}
@manual{Sandia,
	added-at = {2017-05-29 T21:47:11.000+0100},
	author = {SANDIA},
	biburl = {http://www.bibsonomy.org/bibtex/2f361a03ad8ae8f1dd1ca5afa6d72946e/lcschoening},
	interhash = {4f8c4fe3f8dbe45696e13dbfda56696e},
	intrahash = {f361a03ad8ae8f1dd1ca5afa6d72946e},
	keywords = {Sandia},
	timestamp = {2013-03-16T23:52:24.000+0100},
	title = {PRONTO 3D â€“ A Three-Dimensional Transient Solid Dynamics Program},
	year = {1989}
}
@manual{Abaqus,
	author = {Dassault Systemes},
	title = {ABAQUS Documentation},
	year = {2011}
}
@article{menary_tan,
	title={Validating injection stretch-blow molding simulation through free blow trials},
	volume={50},
	DOI={10.1002/pen.21555},
	number={5},
	journal={Polymer Engineering & Science},
	author={Menary, G.H. and Tan, C.W. and Armstrong, C.G. and Salomeia, Y. and Picard, M. and Billon, N. and Harkin-Jones, E.M.A.},
	year={2010},
	pages={1047-1057}
},
@book{laursen_2003,
	place={Berlin, Heidelberg},
	edition={1},
	title={Computational Contact and Impact Mechanics},
	publisher={Springer Berlin Heidelberg},
	author={Laursen, Tod A},
	year={2003}
},
@article{tan_menary,
	title={Modelling of the Injection Stretch Blow Moulding of PET Containers via a Pressure-Volume-time (PV-t) Thermodynamic Relationship},
	volume={1},
	DOI={10.1007/s12289-008-0296-5},
	number={S1},
	journal={International Journal of Material Forming},
	author={Tan, C. W. and Menary, G. H. and Salomeia, Y. and Armstrong, C. G. and Picard, M. and Billon, N. and Harkin-Jones, E. M. A. and Martin, P. J. and Maheshwari, K.},
	year={2008},
	pages={799-802}
}
@article{bathe_ramm_wilson_1975,
	title={Finite element formulations for large deformation dynamic analysis},
	volume={9},
	DOI={10.1002/nme.1620090207},
	number={2},
	journal={International Journal for Numerical Methods in Engineering},
	author={Bathe, Klaus-Jorgen and Ramm, Ekkehard and Wilson, Edward L.},
	year={1975},
	pages={353-386}
}
@book{belytschko2013,
author = "Ted Belytschko and Wing Kam Liu and Brian Moran and Khalil I Elkhodary",
edition = "2",
isbn = "9781118632703",
publisher = "John Wiley \& Sons",
address = "United States",
title = "Nonlinear finite elements for continua and structures",
year = "2013",
month = "12",
day = "27"
}
@article{cueto_chinesta_2013,
	title={Meshless methods for the simulation of material forming},
	volume={8},
	DOI={10.1007/s12289-013-1142-y},
	number={1},
	journal={International Journal of Material Forming},
	author={Cueto, Elias and Chinesta, Francisco},
	year={2013},
	pages={25-43}
},

@article{krysl_belytschko_2001,
	title={ESFLIB: A library to compute the element free Galerkin shape functions},
	volume={190},
	DOI={10.1016/s0045-7825(00)00229-2},
	number={15-17},
	journal={Computer Methods in Applied Mechanics and Engineering},
	author={Krysl, Petr and Belytschko, Ted},
	year={2001},
	pages={2181-2205}
},

@article{wu_park_chen_2010,
	title={A generalized approximation for the meshfree analysis of solids},
	volume={85},
	DOI={10.1002/nme.2991},
	number={6},
	journal={International Journal for Numerical Methods in Engineering},
	author={Wu, C. T. and Park, C. K. and Chen, J. S.},
	year={2010},
	pages={693-722}
}
@article{liu_fei_zhang_jun_1995,
	title={Reproducing kernel particle methods},
	volume={20},
	url={http://onlinelibrary.wiley.com/doi/10.1002/fld.1650200824/full},
	DOI={10.1002/fld.1650200824},
	number={8-9},
	journal={Finite Elements in Fluids - New Trends and Applications},
	author={Liu, Wing Kam and Fei Zhang, Yi and Jun, Sukky},
	year={1995},
	pages={1081-1106}
}


@book{zienkiewicz2014,
author = "O C Zienkiewicz and R L Taylor and J Z Zhu",
edition = "6",
isbn = "9780080472775",
publisher = "Elsevier Butterworth-Heinemann",
address = "Amsterdam",
title = "The finite element method: Its basis and fundamentals: Its basis and fundamentals",
year = "2014",
month = "05",
day = "14"
}

@article{kam_liu_jun_li_adee_belytschko_1995,
	title={Reproducing Kernel Particle Methods for Structural Dynamics},
	volume={38},
	journal={International Journal for Numerical Methods in Engineering},
	author={Kam Liu, Wing and Jun, Sukky and Li, Shaofan and Adee, Jonathon and Belytschko, Ted},
	year={1995},
	pages={1655-1679}
},


@article{yvonnet_chinesta_lorong_ryckelynck_2005,
	title={The constrained natural element method (C-NEM) for treating thermal models involving moving interfaces},
	volume={44},
	DOI={10.1016/j.ijthermalsci.2004.12.007},
	number={6},
	journal={International Journal of Thermal Sciences},
	author={Yvonnet, J. and Chinesta, F. and Lorong, Ph. and Ryckelynck, D.},
	year={2005},
	pages={559-569}
},

@article{yvonnet_ryckelynck_lorong_chinesta_2004,
	title={A new extension of the natural element method for non-convex and discontinuous problems: the constrained natural element method(C-NEM)},
	volume={60},
	DOI={10.1002/nme.1016},
	number={8},
	journal={International Journal for Numerical Methods in Engineering},
	author={Yvonnet, J. and Ryckelynck, D. and Lorong, P. and Chinesta, F.},
	year={2004},
	pages={1451-1474}
}
@article{babuska_melenk_1997,
	title={THE PARTITION OF UNITY METHOD},
	volume={40},
	DOI={10.1002/(sici)1097-0207(19970228)40:4<727::aid-nme86>3.0.co;2-n},
	number={4},
	journal={International Journal for Numerical Methods in Engineering},
	author={Babuska, I. and Melenk, J. M.},
	year={1997},
	pages={727-758}
},
@article{fernandez-mendez_huerta_2004,
	title={Imposing essential boundary conditions in mesh-free methods},
	volume={193},
	DOI={10.1016/j.cma.2003.12.019},
	number={12-14},
	journal={Computer Methods in Applied Mechanics and Engineering},
	author={Fernandez-Mendez, Sonia and Huerta, Antonio},
	year={2004},
	pages={1257-1275}
},

@book{hellen_becker_2013,
	place={Hamilton},
	title={Finite element analysis for engineers},
	publisher={NAFEMS},
	author={Hellen, T. K and Becker, A. A},
	year={2013}
},
@book{bergstrom_2015,
	place={[Place of publication not identified]},
	title={Mechanics of solid polymers},
	publisher={Elsevier},
	author={Bergstrom, Jorgen},
	year={2015}
},
@book{strang_fix_2008,
	place={Englewood Cliffs, N.J.},
	title={An analysis of the finite element method},
	publisher={Prentice-Hall},
	author={Strang, Gilbert and Fix, George J},
	year={2008}
}




@book{Brenner,
AUTHOR = "Brenner and Scott",
TITLE = "The mathematical theory of finite element methods",
PUBLISHER = "Springer-Verlag",
YEAR = "2016",
edition = "1st Edition",
}
@book{wriggers2002,
	author = "P Wriggers",
	isbn = "9780471496809",
	publisher = "Wiley, John \& Sons",
	address = "Chichester, United Kingdom",
	title = "Computational contact mechanics",
	year = "2002",
	month = "07",
	day = "25"
}

@article{belytschko1994,
author = "T. Belytschko and Y. Y. Lu and L. Gu",
journal = "International Journal for Numerical Methods in Engineering",
doi = "10.1002/nme.1620370205",
issn = "0029-5981",
number = "2",
pages = "229-256",
publisher = "Wiley-Blackwell",
title = "Element-free Galerkin methods",
volume = "37",
year = "1994",
month = "01",
day = "30"
}

@ARTICLE{Liu2001,
 author = "G. R. Liu , Y. T. Gu ",
TITLE = "A point interpolation method for two-dimensional solids.",
JOURNAL = "International Journal for Numerical Methods in Engineering",
YEAR = "2001",
volume = "50",
pages = "937-951",
} 

@ARTICLE{Vickrey1961,
AUTHOR = {W. Vickrey},
TITLE = {Counterspeculation, auctions and sealed tenders},
JOURNAL = {Journal of Finance},
YEAR = {1961},
volume = {16},
pages = {8-37},
} 

@ARTICLE{Lucy1977,
AUTHOR = {LB. Lucy},
TITLE = {A numerical approach to the testing of the fission hypothesis},
JOURNAL = {The Astronomical Journal},
YEAR = {1977},
volume = {82},
pages = {1013-1024},
} 

@article{liu2005,
author = "G. R. Liu and G. Y. Zhang and Y. T. Gu and Y. Y. Wang",
journal = "Computational Mechanics",
doi = "10.1007/s00466-005-0657-6",
issn = "0178-7675",
number = "6",
pages = "421-430",
publisher = "Springer Nature",
title = "A meshfree radial point interpolation method (RPIM) for three-dimensional solids",
volume = "36",
year = "2005",
month = "08",
day = "10"
}
@article{lima2012,
author = "Na{\'i}sses Lima",
journal = "IEEE Transactions on Magnetics",
number = "2",
pages = "619-622",
title = "The Nonconforming Point Interpolation Method",
volume = "48",
year = "2012",
month = "02",
day = "01"
}
@article{liu2010,
author = "M. B. Liu and G. R. Liu",
journal = "Archives of Computational Methods in Engineering",
doi = "10.1007/s11831-010-9040-7",
number = "1",
pages = "25-76",
publisher = "Springer Nature",
title = "Smoothed particle Hydrodynamics (SPH): An overview and recent developments",
url = "http://www.ase.uc.edu/\textasciitidleliugr/Publications/Journal\%20Papers/2010/JA\_2010\_05.pdf",
volume = "17",
urldate = "2016-10-10",
year = "2010"
}
@article{gingold1977,
author = "R A Gingold and J J Monaghan",
journal = "Monthly Notices of the Royal Astronomical Society",
doi = "10.1093/mnras/181.3.375",
issn = "1365-2966",
number = "3",
pages = "375-389",
publisher = "Oxford University Press",
title = "Smoothed particle hydrodynamics: Theory and application to non-spherical stars",
url = "http://mnras.oxfordjournals.org/content/181/3/375.full.pdf+html",
volume = "181",
urldate = "2016-10-10",
year = "1977",
month = "01",
day = "12"
}
@article{monaghan1992,
author = "J. Monaghan",
journal = "Annual Review of Astronomy and Astrophysics",
doi = "10.1146/annurev.astro.30.1.543",
number = "1",
pages = "543-574",
publisher = "Annual Reviews",
title = "Smoothed particle Hydrodynamics",
url = "http://www.astro.lu.se/\textasciitidledavid/teaching/SPH/notes/annurev.aa.30.090192.pdf",
volume = "30",
urldate = "2016-10-10",
year = "1992"
}

@article{liu2003,
author = "M.B. Liu and G.R. Liu and K.Y. Lam",
journal = "Journal of Computational and Applied Mathematics",
doi = "10.1016/S0377-0427(02)00869-5",
number = "2",
pages = "263Ã¢â‚¬â€œ284",
publisher = "Elsevier",
title = "Constructing smoothing functions in smoothed particle hydrodynamics with applications",
url = "http://www.sciencedirect.com/science/article/pii/S0377042702008695",
volume = "155",
urldate = "2016-10-10",
year = "2003",
month = "06",
day = "01"
}
@article{nguyen2008,
author = "Vinh Phu Nguyen and Timon Rabczuk and Stephane Bordas and Marc Duflot",
journal = "Mathematics and Computers in Simulation",
doi = "10.1016/j.matcom.2008.01.003",
number = "3",
pages = "763-813",
publisher = "Elsevier",
title = "Meshless methods: A review and computer implementation aspects",
url = "http://www.sciencedirect.com/science/article/pii/S0378475408000062",
volume = "79",
urldate = "2016-10-10",
year = "2008",
month = "12",
day = "01"
}

@article{krysl_belytschko_1997,
	title={Element-free Galerkin method: Convergence of the continuous and discontinuous shape functions},
	volume={148},
	DOI={10.1016/s0045-7825(96)00007-2},
	number={3-4},
	journal={Computer Methods in Applied Mechanics and Engineering},
	author={Krysl, Petr and Belytschko, Ted},
	year={1997},
	pages={257-277}
},

@article{strang_1974,
	title={The Finite Element Method-Linear and Nonlinear Applications},
	journal={Proceedings of the International Congress of Mathematicians},
	author={Strang, Gilbert},
	year={1974},
	pages={429-435}
},

@article{bonet_kulasegaram_2000,
	title={Correction and stabilization of smooth particle hydrodynamics methods with applications in metal forming simulations},
	volume={47},
	DOI={10.1002/(sici)1097-0207(20000228)47:6<1189::aid-nme830>3.0.co;2-i},
	number={6},
	journal={International Journal for Numerical Methods in Engineering},
	author={Bonet, J. and Kulasegaram, S.},
	year={2000},
	pages={1189-1214}
},

@article{chen_pan_roque_wang_1998,
	title={A Lagrangian reproducing kernel particle method for metal forming analysis},
	volume={22},
	DOI={10.1007/s004660050361},
	number={3},
	journal={Computational Mechanics},
	author={Chen, Jiun-Shyan and Pan, C. and Roque, C. M. O. L. and Wang, Hui-Ping},
	year={1998},
	pages={289-307}
},

@article{cosson_chevalier_yvonnet_2008,
	title={Optimization by the C-NEM Method of the Stretch-Blow Molding Process of a PET Bottle Near T g},
	volume={1},
	DOI={10.1007/s12289-008-0313-8},
	number={S1},
	journal={International Journal of Material Forming},
	author={Cosson, B. and Chevalier, L. and Yvonnet, J.},
	year={2008},
	pages={707-710}
},

@article{kim_choi_chen_2001,
	title={Die shape design optimization of sheet metal stamping process using meshfree method},
	volume={51},
	DOI={10.1002/nme.181},
	number={12},
	journal={International Journal for Numerical Methods in Engineering},
	author={Kim, Nam Ho and Choi, Kyung Kook and Chen, Jiun Shyan},
	year={2001},
	pages={1385-1405}
},

@article{krysl_belytschko_1996,
	title={Analysis of thin shells by the Element-Free Galerkin method},
	volume={33},
	DOI={10.1016/0020-7683(95)00265-0},
	number={20-22},
	journal={International Journal of Solids and Structures},
	author={Krysl, Petr and Belytschko, Ted},
	year={1996},
	pages={3057-3080}
},

@article{kwok_guan_cheng_sun_2014,
	title={Semi-Lagrangian reproducing kernel particle method for slope stability analysis and post-failure simulation},
	volume={19},
	DOI={10.1007/s12205-013-0550-3},
	number={1},
	journal={KSCE Journal of Civil Engineering},
	author={Kwok, On-Lei Annie and Guan, Pai-Chen and Cheng, Wei-Po and Sun, Chien-Ting},
	year={2014},
	pages={107-115}
},

@article{rabczuk_eibl_stempniewski_2004,
	title={Numerical analysis of high speed concrete fragmentation using a meshfree Lagrangian method},
	volume={71},
	DOI={10.1016/s0013-7944(03)00032-8},
	number={4-6},
	journal={Engineering Fracture Mechanics},
	author={Rabczuk, Timon and Eibl, Josef and Stempniewski, Lothar},
	year={2004},
	pages={547-556}
},
@article{chen_pan_wu_liu_1996,
	title={Reproducing Kernel Particle Methods for large deformation analysis of non-linear structures},
	volume={139},
	DOI={10.1016/s0045-7825(96)01083-3},
	number={1-4},
	journal={Computer Methods in Applied Mechanics and Engineering},
	author={Chen, Jiun-Shyan and Pan, Chunhui and Wu, Cheng-Tang and Liu, Wing Kam},
	year={1996},
	pages={195-227}
},
@article{wang_wu_chen_2014,
	title={A reproducing kernel smooth contact formulation for metal forming simulations},
	volume={54},
	DOI={10.1007/s00466-014-1015-3},
	number={1},
	journal={Computational Mechanics},
	author={Wang, Hui-Ping and Wu, Cheng-Tang and Chen, Jiun-Shyan},
	year={2014},
	pages={151-169}
}
@article{belytschko1996,
author = "T Belytschko and Y Krongauz and D Organ and M Fleming and P Krysl",
journal = "Computer Methods in Applied Mechanics and Engineering",
doi = "10.1016/S0045-7825(96)01078-X",
issn = "0045-7825",
number = "1-4",
pages = "3-47",
publisher = "North-Holland",
title = "Meshless methods: An overview and recent developments",
url = "http://www.sciencedirect.com/science/article/pii/S004578259601078X",
volume = "139",
urldate = "2016-10-10",
year = "1996",
month = "12",
day = "15"
}
@article{swegle1995,
author = "J W Swegle and D L Hicks and S W Attaway",
journal = "Journal of Computational Physics",
doi = "10.1006/jcph.1995.1010",
issn = "0021-9991",
number = "1",
pages = "123-134",
publisher = "Academic Press",
title = "Smoothed particle Hydrodynamics stability analysis",
url = "http://www.sciencedirect.com/science/article/pii/S0021999185710108",
volume = "116",
urldate = "2016-10-10",
year = "1995",
month = "01",
day = "01"
}
@article{monaghan2000,
author = "J J Monaghan",
journal = "Journal of Computational Physics",
doi = "10.1006/jcph.2000.6439",
issn = "0021-9991",
number = "2",
pages = "290-311",
publisher = "Academic Press",
title = "SPH without a tensile instability",
url = "http://www.sciencedirect.com/science/article/pii/S0021999100964398",
volume = "159",
urldate = "2016-10-10",
year = "2000",
month = "04",
day = "10"
}
@article{dyka1997,
author = "C. T. Dyka and P. W. Randles and R. P. Ingel",
journal = "International Journal for Numerical Methods in Engineering",
doi = "10.1002/(sici)1097-0207(19970715)40:13\textless2325::aid-nme161\textgreater3.0.co;2-8",
issn = "0029-5981",
number = "13",
pages = "2325-2341",
publisher = "Wiley-Blackwell",
title = "Stress Points for Tension Instability in SPH",
volume = "40",
year = "1997",
month = "07",
day = "15"
}
@article{dyka1995,
author = "C T Dyka and R P Ingel",
journal = "Computers \& Structures",
doi = "10.1016/0045-7949(95)00059-P",
issn = "0045-7949",
number = "4",
pages = "573-580",
publisher = "Pergamon",
title = "An approach for tension instability in smoothed particle hydrodynamics (SPH)",
url = "http://www.sciencedirect.com/science/article/pii/004579499500059P",
volume = "57",
urldate = "2016-10-10",
year = "1995",
month = "11",
day = "17"
}
@techreport{dyka1994,
author = "C T Dyka and R P Ingel",
title = "Addressing tension instability in SPH methods",
url = "http://www.dtic.mil/get-tr-doc/pdf?AD=ADA289531",
urldate = "2016-10-10",
year = "1994"
}
@article{liu2006,
author = "M B Liu and G R Liu",
journal = "Applied Numerical Mathematics",
doi = "10.1016/j.apnum.2005.02.012",
issn = "0168-9274",
number = "1",
pages = "19-36",
publisher = "North-Holland",
title = "Restoring particle consistency in smoothed particle hydrodynamics",
url = "http://www.sciencedirect.com/science/article/pii/S0168927405000565",
volume = "56",
urldate = "2016-10-11",
year = "2006",
month = "01",
day = "01"
}
@article{chen1999,
author = "J. K. Chen and J. E. Beraun and T. C. Carney",
journal = "International Journal for Numerical Methods in Engineering",
doi = "10.1002/(sici)1097-0207(19990920)46:2\textless231::aid-nme672\textgreater3.0.co;2-k",
issn = "0029-5981",
number = "2",
pages = "231-252",
publisher = "Wiley-Blackwell",
title = "A corrective smoothed particle method for boundary value problems in heat conduction",
volume = "46",
year = "1999",
month = "09",
day = "20"
}
@article{chen1999a,
author = "J. K. Chen and J. E. Beraun and C. J. Jih",
journal = "Computational Mechanics",
doi = "10.1007/s004660050516",
issn = "0178-7675",
number = "4",
pages = "273-285",
publisher = "Springer Nature",
title = "Completeness of corrective smoothed particle method for linear elastodynamics",
volume = "24",
year = "1999",
month = "10",
day = "21"
}
@article{halsey1945,
author = "G.H Halsey and H.J White and H. Eyring",
journal = "Textile Research Journal",
number = "9",
pages = "295-311",
title = "Mechanical Properties of Textiles, I",
volume = "15",
year = "1945"
}
@book{ward2004,
author = "I M Ward and J Sweeney and D. W. Hadley",
edition = "2",
isbn = "9780471496250",
publisher = "John Wiley \& Sons",
address = "New York, NY",
title = "An introduction to the mechanical properties of solid polymers",
year = "2004",
month = "03",
day = "26"
}
@article{edwards1986a,
author = "S. F Edwards and Th. Vilgis",
journal = "Polymer",
number = "1",
pages = "483-492",
title = "The effect of entanglements in rubber elasticity",
volume = "27",
year = "1986"
}
@article{belytschko1998,
author = "T. Belytschko and Y. Krongauz and J. Dolbow and C. Gerlach",
journal = "International Journal for Numerical Methods in Engineering",
doi = "10.1002/(sici)1097-0207(19981115)43:5\textless785::aid-nme420\textgreater3.0.co;2-9",
issn = "0029-5981",
number = "5",
pages = "785-819",
publisher = "Wiley-Blackwell",
title = "On the completeness of meshfree particle methods",
volume = "43",
year = "1998",
month = "11",
day = "15"
}
@article{johnson1996,
author = "G R Johnson and S R Beissel",
journal = "International Journal for Numerical Methods in Engineering",
doi = "10.1002/(SICI)1097-0207(19960830)3916\textless2725AID-NME973\textgreater3.0.CO;2-9",
issn = "1097-0207",
number = "16",
pages = "2725-2741",
publisher = "John Wiley \& Sons",
title = "Normalized Smoothing Functions for SPH Impact Computations",
volume = "39",
urldate = "2016-10-11",
year = "1996",
month = "08",
day = "30"
}
@article{krongauz1997,
author = "Y Krongauz and T Belytschko",
journal = "Computer Methods in Applied Mechanics and Engineering",
doi = "10.1016/S0045-7825(96)01234-0",
issn = "0045-7825",
number = "3-4",
pages = "371-386",
publisher = "North-Holland",
title = "Consistent pseudo-derivatives in meshless methods",
url = "http://www.sciencedirect.com/science/article/pii/S0045782596012340",
volume = "146",
urldate = "2016-10-11",
year = "1997",
month = "07",
day = "15"
}
@article{monaghan1983,
author = "J J Monaghan and R A Gingold",
journal = "Journal of Computational Physics",
doi = "10.1016/0021-9991(83)90036-0",
issn = "0021-9991",
number = "2",
pages = "374-389",
publisher = "Academic Press",
title = "Shock simulation by the particle method SPH",
url = "http://www.sciencedirect.com/science/article/pii/0021999183900360",
volume = "52",
urldate = "2016-10-11",
year = "1983",
month = "11",
day = "01"
}
@article{dilts1999,
author = "Gary A. Dilts",
journal = "International Journal for Numerical Methods in Engineering",
doi = "10.1002/(sici)1097-0207(19990320)44:8\textless1115::aid-nme547\textgreater3.0.co;2-l",
issn = "0029-5981",
number = "8",
pages = "1115-1155",
publisher = "Wiley-Blackwell",
title = "Moving-least-squares-particle hydrodynamics?I. Consistency and stability",
volume = "44",
year = "1999",
month = "03",
day = "20"
}
@article{lancaster1981,
author = "P. Lancaster and K. Salkauskas",
journal = "Mathematics of Computation",
doi = "10.2307/2007507",
number = "155",
pages = "141",
publisher = "JSTOR",
title = "Surfaces generated by moving least squares methods",
url = "http://www.ams.org/journals/mcom/1981-37-155/S0025-5718-1981-0616367-1/S0025-5718-1981-0616367-1.pdf",
volume = "37",
urldate = "2016-10-11",
year = "1981"
}
@article{chen1999b,
author = "J. K. Chen and J. E. Beraun and C. J. Jih",
journal = "Computational Mechanics",
doi = "10.1007/s004660050409",
issn = "0178-7675",
number = "4",
pages = "279-287",
publisher = "Springer Nature",
title = "An improvement for tensile instability in smoothed particle hydrodynamics",
volume = "23",
year = "1999",
month = "05",
day = "21"
}
@article{chen1999c,
author = "J. K. Chen and J. E. Beraun and C. J. Jih",
journal = "Computational Mechanics",
doi = "10.1007/s004660050409",
issn = "0178-7675",
number = "4",
pages = "279-287",
publisher = "Springer Nature",
title = "An improvement for tensile instability in smoothed particle hydrodynamics",
volume = "23",
year = "1999",
month = "05",
day = "21"
}

@article{dolbow1998,
author = "J. Dolbow and T. Belytschko",
journal = "Archives of Computational Methods in Engineering",
doi = "10.1007/bf02897874",
issn = "1134-3060",
number = "3",
pages = "207-241",
publisher = "Springer Nature",
title = "An introduction to programming the meshless element F reeGalerkin method",
volume = "5",
year = "1998",
month = "09"
}
@article{belytschko1996a,
author = "Ted Belytschko and Yury Krongauz and Mark Fleming and Daniel Organ and Wing Kam Snm Liu",
journal = "Journal of Computational and Applied Mathematics",
doi = "10.1016/0377-0427(96)00020-9",
issn = "0377-0427",
number = "1-2",
pages = "111-126",
publisher = "North-Holland",
title = "Smoothing and accelerated computations in the element free Galerkin method",
url = "http://www.sciencedirect.com/science/article/pii/0377042796000209",
volume = "74",
urldate = "2016-10-12",
year = "1996",
month = "11",
day = "05"
}
@article{nayroles1992,
author = "B. Nayroles and G. Touzot and P. Villon",
journal = "Computational Mechanics",
doi = "10.1007/bf00364252",
issn = "0178-7675",
number = "5",
pages = "307-318",
publisher = "Springer Nature",
title = "Generalizing the finite element method: Diffuse approximation and diffuse elements",
volume = "10",
year = "1992"
}
@book{huerta2004,
author = "Antonio Huerta and Ted Belytschko and Sonia Fernandez-Mendez and Timon Rabczuk",
editor = "Erwin Stein and Rene De Borst and Thomas J. R. Hughes",
edition = "3",
publisher = "Wiley",
address = "United States",
title = "Encyclopedia of Computational Mechanics - Meshless Methods",
year = "2004",
month = "10",
day = "01"
}
@article{zhu1998,
author = "T. Zhu and S. N. Atluri",
journal = "Computational Mechanics",
doi = "10.1007/s004660050296",
issn = "0178-7675",
number = "3",
pages = "211-222",
publisher = "Springer Nature",
title = "A modified collocation method and a penalty formulation for enforcing the essential boundary conditions in the element free Galerkin method",
volume = "21",
year = "1998",
month = "04",
day = "23"
}
@article{belytschko1995,
author = "T. Belytschko and D. Organ and Y. Krongauz",
journal = "Computational Mechanics",
doi = "10.1007/bf00364080",
issn = "0178-7675",
number = "3",
pages = "186-195",
publisher = "Springer Nature",
title = "A coupled finite element-element-free Galerkin method",
volume = "17",
year = "1995"
}
@article{rabczuk2006,
author = "T. Rabczuk and S. P. Xiao and M. Sauer",
journal = "Communications in Numerical Methods in Engineering",
doi = "10.1002/cnm.871",
issn = "1069-8299",
number = "10",
pages = "1031-1065",
publisher = "Wiley-Blackwell",
title = "Coupling of mesh-free methods with finite elements: Basic concepts and test results",
volume = "22",
year = "2006",
month = "04",
day = "28"
}
@article{joldes_wittek_miller_2015,
	title={Adaptive numerical integration in Element-Free Galerkin methods for elliptic boundary value problems},
	volume={51},
	DOI={10.1016/j.enganabound.2014.10.007},
	journal={Engineering Analysis with Boundary Elements},
	author={Joldes, Grand Roman and Wittek, Adam and Miller, Karol},
	year={2015},
	pages={52-63}
}
@article{chen_chi_hillman_2017,
	title={Meshfree Methods: Progress Made after 20 Years},
	volume={143},
	DOI={: 10.1061/(ASCE)EM.1943-7889.0001176},
	number={4},
	journal={Journal of Engineering Mechanics},
	author={Chen, Jiun-Shyan and Chi, Sheng-Wei and Hillman, Michael},
	year={2017},
	pages={1-38}
},

@article{dolbow_belytschko_1999,
	title={Numerical integration of the Galerkin weak form in meshfree methods},
	volume={23},
	DOI={10.1007/s004660050403},
	number={3},
	journal={Computational Mechanics},
	author={Dolbow, John and Belytschko, Ted},
	year={1999},
	pages={219-230}
}
@article{hegen1996,
author = "D Hegen",
journal = "Computer Methods in Applied Mechanics and Engineering",
doi = "10.1016/0045-7825(96)00994-2",
issn = "0045-7825",
number = "1-2",
pages = "143-166",
publisher = "North-Holland",
title = "Element-free Galerkin methods in combination with finite element approaches",
url = "http://www.sciencedirect.com/science/article/pii/0045782596009942",
volume = "135",
urldate = "2016-10-13",
year = "1996",
month = "08",
day = "15"
}

@article{wang2002,
author = "J. G. Wang and G. R. Liu",
journal = "International Journal for Numerical Methods in Engineering",
doi = "10.1002/nme.489",
issn = "0029-5981",
number = "11",
pages = "1623-1648",
publisher = "Wiley-Blackwell",
title = "A point interpolation meshless method based on radial basis functions",
volume = "54",
year = "2002"
}
@article{Wendland,
author = "J. G. Wang and G. R. Liu",
journal = "Journal of Approximation Theory",
number = "2",
pages = "258-272",
title = "Error estimates for interpolation by compactly supported radial basis functions of minimal degree",
volume = "93",
year = "1998"
}
@article{ventura2001,
author = "G. Ventura",
journal = "International Journal for Numerical Methods in Engineering",
doi = "10.1002/nme.314",
issn = "0029-5981",
number = "4",
pages = "825-842",
publisher = "Wiley-Blackwell",
title = "An augmented Lagrangian approach to essential boundary conditions in meshless methods",
volume = "53",
year = "2001"
}
@article{johnson1994,
author = "Gordon R. Johnson",
journal = "Nuclear Engineering and Design",
doi = "10.1016/0029-5493(94)90143-0",
number = "23",
pages = "265-274",
publisher = "Elsevier",
title = "Linking of Lagrangian particle methods to standard finite element methods for high velocity impact computations",
url = "http://www.sciencedirect.com/science/article/pii/0029549394901430",
volume = "150",
urldate = "2017-02-03",
year = "1994",
month = "09",
day = "01"
}
@article{mukherjee1997,
author = "Y. X. Mukherjee and S. Mukherjee",
journal = "Computational Mechanics",
doi = "10.1007/s004660050175",
issn = "0178-7675",
number = "4",
pages = "264-270",
publisher = "Springer Nature",
title = "On boundary conditions in the element-free Galerkin method",
volume = "19",
year = "1997",
month = "03",
day = "26"
}
@article{beissel1996,
author = "Stephen Beissel and Ted Belytschko",
journal = "EISEYIER Comput. Methods Appl. Mech. Engrg",
pages = "49-74",
title = "Computer methods in applied mechanics and engineering Nodal integration of the element-free Galerkin method",
url = "http://ac.els-cdn.com/S0045782596010791/1-s2.0-S0045782596010791-main.pdf?\_tid=610118ce-ec5f-11e6-ba5c-00000aacb35f\&acdnat=1486380687\_0639260a9561f2b560333647f3e23336",
volume = "139",
urldate = "2017-02-06",
year = "1996"
}
@article{randles1996f,
author = "P.W. Randles and L.D. Libersky",
journal = "Computer Methods in Applied Mechanics and Engineering",
doi = "10.1016/S0045-7825(96)01090-0",
number = "s 14",
pages = "375-408",
publisher = "Elsevier",
title = "Smoothed particle Hydrodynamics: Some recent improvements and applications",
url = "http://www.sciencedirect.com/science/article/pii/S0045782596010900",
volume = "139",
urldate = "2017-02-06",
year = "1996",
month = "12",
day = "01"
}
@article{chen2000,
author = "Jiun-Shyan Chen and Cheng-Tang Wu and Sangpil Yoon and Yang You",
journal = "International Journal for Numerical Methods in Engineering",
doi = "10.1002/1097-0207(20010120)50:2\textless435::aid-nme32\textgreater3.0.co;2-a",
issn = "0029-5981",
number = "2",
pages = "435-466",
publisher = "Wiley-Blackwell",
title = "A stabilized conforming nodal integration for Galerkin mesh-free methods",
volume = "50",
year = "2000"
}
@article{sukumar1998,
author = "N. Sukumar and B. Moran and T. Belytschko",
journal = "International Journal for Numerical Methods in Engineering",
doi = "10.1002/(sici)1097-0207(19981115)43:5\textless839::aid-nme423\textgreater3.0.co;2-r",
issn = "0029-5981",
number = "5",
pages = "839-887",
publisher = "Wiley-Blackwell",
title = "The natural element method in solid mechanics",
volume = "43",
year = "1998",
month = "11",
day = "15"
}
@article{li2001,
author = "Guangyao Li and Ted Belytschko",
journal = "Engineering Computations",
doi = "10.1108/02644400110365806",
issn = "0264-4401",
number = "1/2",
pages = "62-78",
publisher = "Emerald",
title = "Element free Galerkin method for contact problems in metal forming analysis",
volume = "18",
year = "2001",
month = "02"
}
@article{chen2002,
author = "Jiun-Shyan Chen and Sangpil Yoon and Cheng-Tang Wu",
journal = "International Journal for Numerical Methods in Engineering",
doi = "10.1002/nme.338",
issn = "0029-5981",
number = "12",
pages = "2587-2615",
publisher = "Wiley-Blackwell",
title = "Non-linear version of stabilized conforming nodal integration for Galerkin mesh-free methods",
volume = "53",
year = "2002"
}
@article{fries2008,
author = "Thomas-Peter Fries and Ted Belytschko",
journal = "International Journal for Numerical Methods in Engineering",
doi = "10.1002/nme.2198",
issn = "0029-5981",
number = "7",
pages = "1067-1087",
publisher = "Wiley-Blackwell",
title = "Convergence and stabilization of stress-point integration in mesh-free and particle methods",
volume = "74",
year = "2008"
}
@article{rabczuk2004,
author = "T. Rabczuk and T. Belytschko and S.P. Xiao",
journal = "Computer Methods in Applied Mechanics and Engineering",
doi = "10.1016/j.cma.2003.12.005",
number = "12-14",
pages = "1035-1063",
publisher = "Elsevier BV",
title = "Stable particle methods based on Lagrangian kernels",
url = "http://ac.els-cdn.com/S0045782504000088/1-s2.0-S0045782504000088-main.pdf?\_tid=12b34ec8-ec8a-11e6-bb08-00000aab0f01\&acdnat=1486399024\_839001d89cc2feec2bb70fbe65dfa01b",
volume = "193",
urldate = "2017-02-06",
year = "2004"
}
@article{belytschko2000a,
author = "Ted Belytschko and Yong Guo and Wing Kam Liu and Shao Ping Xiao",
journal = "International Journal for Numerical Methods in Engineering",
doi = "10.1002/1097-0207(20000730)48:9\textless1359::aid-nme829\textgreater3.0.co;2-u",
issn = "0029-5981",
number = "9",
pages = "1359-1400",
publisher = "Wiley-Blackwell",
title = "A unified stability analysis of meshless particle methods",
volume = "48",
year = "2000"
}
@article{liu2007,
author = "G.R. Liu and G.Y. Zhang and Y.Y. Wang and Z.H. Zhong and G.Y. Li and X. Han",
journal = "International Journal of Solids and Structures",
doi = "10.1016/j.ijsolstr.2006.10.025",
number = "11-12",
pages = "3840-3860",
publisher = "Elsevier BV",
title = "A nodal integration technique for meshfree radial point interpolation method (NI-RPIM)",
url = "http://www.ase.uc.edu/\textasciitidleliugr/Publications/Journal\%20Papers/2007/JA\_2007\_08.pdf",
volume = "44",
urldate = "2017-02-08",
year = "2007"
}
@article{duan2009,
author = "Qinglin Duan and Ted Belytschko",
journal = "International Journal for Numerical Methods in Engineering",
doi = "10.1002/nme.2432",
issn = "0029-5981",
number = "6",
pages = "776-798",
publisher = "Wiley-Blackwell",
title = "Gradient and dilatational stabilizations for stress-point integration in the element-free Galerkin method",
volume = "77",
year = "2009",
month = "02",
day = "05"
}
@article{nagashima1999,
author = "Toshio Nagashima",
journal = "International Journal for Numerical Methods in Engineering",
doi = "10.1002/(sici)1097-0207(19990930)46:3\textless341::aid-nme678\textgreater3.0.co;2-t",
issn = "0029-5981",
number = "3",
pages = "341-385",
publisher = "Wiley-Blackwell",
title = "Node-by-node meshless approach and its applications to structural analyses",
volume = "46",
year = "1999",
month = "09",
day = "30"
}
@article{nitsche1971,
author = "J. Nitsche",
journal = "Abhandlungen aus dem Mathematischen Seminar der Universit{\" a}t Hamburg",
doi = "10.1007/bf02995904",
issn = "0025-5858",
number = "1",
pages = "9-15",
publisher = "Springer Nature",
title = "ÃƒÅ“ber ein Variationsprinzip zur L{\" o}sung von Dirichlet-Problemen bei Verwendung von Teilr{\" a}umen, die keinen Randbedingungen unterworfen sind",
volume = "36",
year = "1971",
month = "07"
}
@article{mcevoy1998,
author = "J. P. McEvoy and C. G. Armstrong and R. J. Crawford",
journal = "Advances in Polymer Technology",
doi = "10.1002/(sici)1098-2329(199824)17:4\textless339::aid-adv5\textgreater3.0.co;2-s",
issn = "0730-6679",
number = "4",
pages = "339-352",
publisher = "Wiley-Blackwell",
title = "Simulation of the stretch blow molding process of PET bottles",
volume = "17",
year = "1998"
}
@article{yang2004a,
author = "Z.J. Yang and E. Harkin-Jones and G.H. Menary and C.G. Armstrong",
journal = "Journal of Materials Processing Technology",
doi = "10.1016/j.jmatprotec.2004.04.203",
pages = "20-27",
publisher = "Elsevier BV",
title = "Coupled temperature displacement modelling of injection stretch-blow moulding of PET bottles using Buckley model",
url = "http://ac.els-cdn.com/S0924013604005990/1-s2.0-S0924013604005990-main.pdf?\_tid=0135dae2-eee9-11e6-91a7-00000aab0f02\&acdnat=1486659699\_671195a364cd64d9821b201d6ae334f4",
volume = "153-154",
urldate = "2017-02-09",
year = "2004"
}

@article{menary_arm,
	author = {G.H. Menary and C.G. Armstrong and R.J. Crawford and J.P. McEvoy},
	title = {Modelling of poly(ethylene terephthalate) in injection stretchâ€“blow moulding},
	journal = {Plastics, Rubber and Composites},
	volume = {29},
	number = {7},
	pages = {360-370},
	year = {2000},
	doi = {10.1179/146580100101541166},	
}
	
	
@article{menary2010,
author = "G.H. Menary and C.W. Tan and C.G. Armstrong and Y. Salomeia and M. Picard and N. Billon and E.M.A. Harkin-Jones",
journal = "Polymer Engineering \& Science",
doi = "10.1002/pen.21555",
issn = "0032-3888",
number = "5",
pages = "1047-1057",
publisher = "Wiley-Blackwell",
title = "Validating injection stretch-blow molding simulation through free blow trials",
volume = "50",
year = "2010",
month = "03",
day = "17"
}
@article{schmidt1998,
author = "F. M. Schmidt and J. F. Agassant and M. Bellet",
journal = "Polymer Engineering \& Science",
doi = "10.1002/pen.10310",
issn = "0032-3888",
number = "9",
pages = "1399-1412",
publisher = "Wiley-Blackwell",
title = "Experimental study and numerical simulation of the injection stretch/blow molding process",
volume = "38",
year = "1998",
month = "09"
}
@article{belytchko1996e,
author = "T. Belytchko and M. Tabbara",
journal = "International Journal for Numerical Methods in Engineering",
doi = "10.1002/(sici)1097-0207(19960330)39:6\textless923::aid-nme887\textgreater3.0.co;2-w",
issn = "0029-5981",
number = "6",
pages = "923-938",
publisher = "Wiley-Blackwell",
title = "Dynamic fracture using element-free Galerkin methods.",
volume = "39",
year = "1996",
month = "03",
day = "30"
}
@article{moes1999,
author = "Nicolas Moes and John Dolbow and Ted Belytschko",
journal = "International Journal for Numerical Methods in Engineering",
doi = "10.1002/(sici)1097-0207(19990910)46:1\textless131::aid-nme726\textgreater3.0.co;2-j",
issn = "0029-5981",
number = "1",
pages = "131-150",
publisher = "Wiley-Blackwell",
title = "A finite element method for crack growth without remeshing",
volume = "46",
year = "1999",
month = "09",
day = "10"
}
@article{ventura2002,
author = "G. Ventura and J. X. Xu and T. Belytschko",
journal = "International Journal for Numerical Methods in Engineering",
doi = "10.1002/nme.471",
issn = "0029-5981",
number = "6",
pages = "923-944",
publisher = "Wiley-Blackwell",
title = "A vector level set method and new discontinuity approximations for crack growth by EFG",
volume = "54",
year = "2002"
}
@book{liu2005b,
	author = "G R Liu and Y T Gu",
	isbn = "9781402032288",
	publisher = "Springer-Verlag New York",
	address = "Dordrecht",
	title = "An introduction to meshfree methods and their programming",
	year = "2005",
	month = "06",
	day = "08"
}

@article{fleming1997,
author = "M. Fleming and Y. A. Chu and B. Moran and T. Belytschko",
journal = "International Journal for Numerical Methods in Engineering",
doi = "10.1002/(sici)1097-0207(19970430)40:8\textless1483::aid-nme123\textgreater3.0.co;2-6",
issn = "0029-5981",
number = "8",
pages = "1483-1504",
publisher = "Wiley-Blackwell",
title = "ENRICHED ELEMENT-FREE GALERKIN METHODS FOR CRACK TIP FIELDS",
volume = "40",
year = "1997",
month = "04",
day = "30"
}
@book{treloar2005,
	author = "L. R. G. Treloar",
	edition = "3",
	isbn = "9781615832095",
	publisher = "Oxford University Press",
	address = "New York",
	title = "The physics of rubber elasticity",
	year = "2005"
}
@article{belytschko1997,
	author = "T Belytschko and P Krysl and Y Krongauz",
	journal = "International Journal for Numerical Methods in Fluids",
	doi = "10.1002/(sici)1097-0363(199706)24:12\textless1253::aid-fld558\textgreater3.0.co;2-z",
	issn = "0271-2091",
	number = "12",
	pages = "1253-1270",
	publisher = "Wiley-Blackwell",
	title = "A three-dimensional explicit element-free galerkin method",
	volume = "24",
	year = "1997",
	month = "06"
}
@phdthesis{hegen1997,
	author       = {D Hegen}, 
	title        = {An element-free Galerkin method for crack propagation },
	school       = {Technical University of Eindhoven},
	year         = 1997,
	address      = {The address of the publisher},
	month        = 1,
}
@mastersthesis{krop2011,
	author       = {S. Krop}, 
	title        = {Constitutive modelling of rate and temperature dependent strain hardening in polycarbonate},
	school       = {Technical University of Eindhoven},
	year         = 2011,
	address      = {Eindhoven, The Netherlands },
	month        = 1,
}
@phdthesis{yan2013,
	author       = {S Yan}, 
	title        = {Modelling the Constitutive Behaviour of Poly(ethylene terephthalate) for the Stretch Blow Moulding Process},
	school       = {Queenâ€™s University Belfast},
	year         = 2013,
	address      = {Belfast, Country Antrim, Northern Ireland},
	month        = 9,
}
@article{adams2000,
	author = "A.M. Adams and C.P. Buckley and D.P. Jones",
	journal = "Polymer",
	doi = "10.1016/S0032-3861(98)00834-9",
	number = "2",
	pages = "771â€“786",
	publisher = "Elsevier",
	title = "Biaxial hot drawing of poly(ethylene terephthalate): Measurements and modelling of strain-stiffening",
	url = "http://www.sciencedirect.com/science/article/pii/S0032386198008349",
	volume = "41",
	urldate = "2017-02-21",
	year = "2000",
	month = "01",
	day = "01"
}
@article{nixon2016,
	author = "J. Nixon and G. H. Menary and S. Yan",
	journal = "International Journal of Material Forming",
	doi = "10.1007/s12289-016-1320-9",
	publisher = "Springer Nature",
	title = "Finite element simulations of stretch-blow moulding with experimental validation over a broad process window",
	url = "http://pure.qub.ac.uk/portal/files/121054310/Finite\_Element.pdf",
	urldate = "2017-02-21",
	year = "2016"
}
@article{yang2004,
	author = "Z J Yang and E M A Harkin-Jones and C G Armstrong and G H Menary",
	journal = "Proceedings of the Institution of Mechanical Engineers, Part E: Journal of Process Mechanical Engineering",
	doi = "10.1243/0954408042466990",
	issn = "0954-4089",
	number = "4",
	pages = "237-250",
	publisher = "SAGE Publications",
	title = "Finite element modelling of stretch-blow moulding of PET bottles using Buckley model: Plant tests and effects of process conditions and material parameters",
	volume = "218",
	year = "2004",
	month = "01",
	day = "01"
}
@article{zimmer2013,
	author = "Johannes Zimmer and Markus Stommel",
	journal = "IOP Conference Series: Materials Science and Engineering",
	doi = "10.1088/1757-899x/48/1/012004",
	issn = "1757-8981",
	pages = "012004",
	publisher = "IOP Publishing",
	title = "Method for the evaluation of stretch blow molding simulations with free blow trials",
	volume = "48",
	year = "2013",
	month = "12",
	day = "12"
}
@article{schmidt1996,
	author = "F.M. Schmidt and J.F. Agassant and M. Bellet and L. Desoutter",
	journal = "Journal of Non-Newtonian Fluid Mechanics",
	doi = "10.1016/0377-0257(95)01420-9",
	number = "1",
	pages = "19-42",
	publisher = "Elsevier BV",
	title = "Viscoelastic simulation of PET stretch/blow molding process",
	url = "http://perso.mines-albi.fr/\textasciitidleschmidt/Publications/JNNF/1996/article.pdf",
	volume = "64",
	urldate = "2017-02-21",
	year = "1996"
}

@article{buckley1996,
author = "C.P. Buckley and D.C. Jones",
journal = "Polymer",
doi = "10.1016/0032-3861(96)85352-3",
number = "12",
pages = "2403-2414",
publisher = "Elsevier BV",
title = "Hot-drawing of poly(ethylene terephthalate) under biaxial stress: Application of a three-dimensional glass rubber constitutive model",
url = "http://ac.els-cdn.com/0032386196853523/1-s2.0-0032386196853523-main.pdf?\_tid=2b7861fa-f36f-11e6-9455-00000aab0f02\&acdnat=1487157127\_cde420fdfbfe7ce507bc7c2c0092e853",
volume = "37",
urldate = "2017-02-15",
year = "1996"
}
@article{buckley1995,
author = "C Buckley",
journal = "Polymer",
doi = "10.1016/0032-3861(95)99429-x",
number = "17",
pages = "3301-3312",
publisher = "Elsevier BV",
title = "Glass-rubber constitutive model for amorphous polymers near the glass transition",
url = "http://ac.els-cdn.com/003238619599429X/1-s2.0-003238619599429X-main.pdf?\_tid=43f15bce-f36f-11e6-b49b-00000aacb362\&acdnat=1487157168\_9c7dc4f5b012429640031bb89b527062",
volume = "36",
urldate = "2017-02-15",
year = "1995"
}
@article{li2009,
author = "H.X. Li and C.P. Buckley",
journal = "International Journal of Solids and Structures",
doi = "10.1016/j.ijsolstr.2008.12.002",
number = "7-8",
pages = "1607-1623",
publisher = "Elsevier BV",
title = "Evolution of strain localization in glassy polymers: A numerical study",
url = "http://ac.els-cdn.com/S0020768308005039/1-s2.0-S0020768308005039-main.pdf?\_tid=aa772bc2-f382-11e6-9fea-00000aacb35d\&acdnat=1487165501\_55c643a05b0d41e1a6ad2ad89231a4f1",
volume = "46",
urldate = "2017-02-15",
year = "2009"
}
@article{edwards1986,
author = "S F Edwards",
journal = "Polymer",
number = "4",
pages = "483-492",
title = "The effect of entanglements in rubber elasticity",
url = "http://www.sciencedirect.com/science/article/pii/0032386186902314",
volume = "27",
urldate = "2017-02-15",
year = "1986"
}
@article{cosson2010,
author = "Benoit Cosson and Luc Chevalier and Gilles R{\' e}gnier",
journal = "International Journal of Material Forming",
doi = "10.1007/s12289-010-1010-y",
issn = "1960-6206",
number = "1",
pages = "39-53",
publisher = "Springer Nature",
title = "Simulation of the stretch blow moulding process: From the modelling of the microstructure evolution to the end-use elastic properties of polyethylene terephthalate bottles",
volume = "5",
year = "2010",
month = "12",
day = "30"
}
@article{dupaix2007,
author = "Rebecca B. Dupaix and Mary C. Boyce",
journal = "Mechanics of Materials",
doi = "10.1016/j.mechmat.2006.02.006",
number = "1",
pages = "39Ã¢â‚¬â€œ52",
publisher = "Elsevier",
title = "Constitutive modeling of the finite strain behavior of amorphous polymers in and above the glass transition",
url = "http://ac.els-cdn.com/S016766360600024X/1-s2.0-S016766360600024X-main.pdf?\_tid=3645b368-f431-11e6-a262-00000aab0f02\&acdnat=1487240468\_f8929b00f28e905e291185e1720b6f3c",
volume = "39",
urldate = "2017-02-16",
year = "2007",
month = "01",
day = "01"
}
@article{pham2004,
author = "X.-T. Pham and F. Thibault and L-T. Lim",
journal = "Polymer Engineering and Science",
doi = "10.1002/pen.20142",
issn = "0032-3888",
number = "8",
pages = "1460-1472",
publisher = "Wiley-Blackwell",
title = "Modeling and simulation of stretch blow molding of polyethylene terephthalate",
volume = "44",
year = "2004"
}
@article{lorenzi1987,
author = "H.G Lorenzi and H.F Nied",
journal = "Computers \& Structures",
number = "1/2",
pages = "197-206",
title = "Blow moulding and thermoforming of plastics : Finite element modelling",
volume = "26",
year = "1987"
}
@article{boyce2000,
author = "M.C. Boyce and S. Socrate and P.G. Llana",
journal = "Polymer",
doi = "10.1016/S0032-3861(99)00406-1",
number = "6",
pages = "2183-2201",
publisher = "Elsevier",
title = "Constitutive model for the finite deformation stress strain behavior of poly(ethylene terephthalate) above the glass transition",
url = "http://www.sciencedirect.com/science/article/pii/S0032386199004061",
volume = "41",
urldate = "2017-02-16",
year = "2000"
}
@article{denardin2005,
author = "Elton L. G. Denardin and Shinichi Tokumoto and Dimitrios Samios",
journal = "Rheologica Acta",
doi = "10.1007/s00397-005-0004-z",
issn = "0035-4511",
number = "2",
pages = "142-150",
publisher = "Springer Nature",
title = "Stress strain behaviour of poly(ethylene terephthalate) (PET) during large plastic deformation by plane strain compression: The relation between stress strain curve and thermal history, temperature and strain rate",
volume = "45",
year = "2005",
month = "07",
day = "13"
}
