@article{Salzburger:2015sgq,
    author = "Salzburger, Andreas",
    title = "{Optimisation of the ATLAS Track Reconstruction Software for Run-2}",
    doi = "10.1088/1742-6596/664/7/072042",
    journal = "J. Phys. Conf. Ser.",
    volume = "664",
    number = "7",
    pages = "072042",
    year = "2015"
}

@article{Borissov:2015djv,
    author = "Borissov, G. and Casper, D. and Grimm, K. and Griso, S.Pagan and Pedersen, L.Egholm and Prokofiev, K. and Rudolph, M. and Wharton, A.",
    title = "{ATLAS strategy for primary vertex reconstruction during Run-2 of the LHC}",
    doi = "10.1088/1742-6596/664/7/072041",
    journal = "J. Phys. Conf. Ser.",
    volume = "664",
    number = "7",
    pages = "072041",
    year = "2015"
}

@techreport{ATLAS-CONF-2016-024,
      title         = "{Electron efficiency measurements with the ATLAS detector
                       using the 2015 LHC proton-proton collision data}",
      institution   = "CERN",
      collaboration = "ATLAS Collaboration",
      address       = "Geneva",
      number        = "ATLAS-CONF-2016-024",
      month         = "Jun",
      year          = "2016",
      reportNumber  = "ATLAS-CONF-2016-024",
      url           = "https://cds.cern.ch/record/2157687",
}

@article{Cornelissen:2008zza,
    author = "Cornelissen, Thijs G. and Elsing, M. and Gavrilenko, I. and Laporte, J.F. and Liebig, W. and Limper, M. and Nikolopoulos, K. and Poppleton, A. and Salzburger, A.",
    editor = "Sobie, Randall and Tafirout, Reda and Thomson, Jana",
    title = "{The global chi**2 track fitter in ATLAS}",
    doi = "10.1088/1742-6596/119/3/032013",
    journal = "J. Phys. Conf. Ser.",
    volume = "119",
    pages = "032013",
    year = "2008"
}

@techreport{ATLAS-CONF-2012-047,
      title         = "{Improved electron reconstruction in ATLAS using the
                       Gaussian Sum Filter-based model for bremsstrahlung}",
      institution   = "CERN",
      collaboration = "ATLAS Collaboration",
      address       = "Geneva",
      number        = "ATLAS-CONF-2012-047",
      month         = "May",
      year          = "2012",
      reportNumber  = "ATLAS-CONF-2012-047",
      url           = "https://cds.cern.ch/record/1449796",
}

@article{Aaboud:2018ugz,
    author = "Aaboud, Morad and others",
    collaboration = "ATLAS",
    title = "{Electron and photon energy calibration with the ATLAS detector using 2015--2016 LHC proton-proton collision data}",
    eprint = "1812.03848",
    archivePrefix = "arXiv",
    primaryClass = "hep-ex",
    reportNumber = "CERN-EP-2018-296",
    doi = "10.1088/1748-0221/14/03/P03017",
    journal = "JINST",
    volume = "14",
    number = "03",
    pages = "P03017",
    year = "2019"
}

@article{Lenzi_2010,
	doi = {10.1088/1742-6596/219/3/032049},
	url = {https://doi.org/10.1088%2F1742-6596%2F219%2F3%2F032049},
	year = 2010,
	month = {apr},
	publisher = {{IOP} Publishing},
	volume = {219},
	number = {3},
	pages = {032049},
	author = {B Lenzi and R Nicolaidou and S Hassani},
	title = {{TrackInCaloTools}: A package for measuring muon energy loss and calorimetric isolation in {ATLAS}},
	journal = {Journal of Physics: Conference Series}
}

@article{10.1016/S0734-189X(88)80033-1,
author = {Illingworth, J. and Kittler, J.},
title = {A Survey of the Hough Transform},
year = {1988},
issue_date = {August 1988},
publisher = {Academic Press Professional, Inc.},
address = {USA},
volume = {44},
number = {1},
issn = {0734-189X},
url = {https://doi.org/10.1016/S0734-189X(88)80033-1},
doi = {10.1016/S0734-189X(88)80033-1},
journal = {Comput. Vision Graph. Image Process.},
month = aug,
pages = {87â€“116},
numpages = {30}
}
  
@article{Aad:2016jkr,
    author = "Aad, Georges and others",
    collaboration = "ATLAS",
    title = "{Muon reconstruction performance of the ATLAS detector in proton--proton collision data at $\sqrt{s}$ =13 TeV}",
    eprint = "1603.05598",
    archivePrefix = "arXiv",
    primaryClass = "hep-ex",
    reportNumber = "CERN-EP-2016-033",
    doi = "10.1140/epjc/s10052-016-4120-y",
    journal = "Eur. Phys. J. C",
    volume = "76",
    number = "5",
    pages = "292",
    year = "2016"
}