@article{Grafstrom:2015foa,
    author = "Grafström, P. and Kozanecki, W.",
    doi = "10.1016/j.ppnp.2014.11.002",
    journal = "Prog.\ Part.\ Nucl.\ Phys.",
    pages = "97--148",
    title = "{Luminosity determination at proton colliders}",
    volume = "81",
    year = "2015"
}

@techreport{ATLAS-CONF-2019-021,
      title         = "{Luminosity determination in $pp$ collisions at
                       $\sqrt{s}=13$ TeV using the ATLAS detector at the LHC}",
      institution   = "CERN",
      collaboration = "ATLAS Collaboration",
      address       = "Geneva",
      number        = "ATLAS-CONF-2019-021",
      month         = "Jun",
      year          = "2019",
      reportNumber  = "ATLAS-CONF-2019-021",
      url           = "https://cds.cern.ch/record/2677054",
}

@article{Schott_2014,
   title={Review of single vector boson production in pp collisions at $$\sqrt{s} = 7$$ s = 7  TeV},
   volume={74},
   ISSN={1434-6052},
   url={http://dx.doi.org/10.1140/epjc/s10052-014-2916-1},
   DOI={10.1140/epjc/s10052-014-2916-1},
   number={7},
   journal={The European Physical Journal C},
   publisher={Springer Science and Business Media LLC},
   author={Schott, Matthias and Dunford, Monica},
   year={2014},
   month={Jul}
}

@book{CERN-LHCC-97-016,
      title         = "{ATLAS inner detector: Technical Design Report, 1}",
      publisher     = "CERN",
      collaboration = "ATLAS Collaboration",
      address       = "Geneva",
      series        = "Technical Design Report ATLAS",
      year          = "1997",
      reportNumber  = "CERN-LHCC-97-016",
      url           = "https://cds.cern.ch/record/331063",
}

@article{ATLAS-TDR-2008,
    author = "Aad, G. and others",
    collaboration = "ATLAS",
    doi = "10.1088/1748-0221/3/08/S08003",
    journal = "JINST",
    pages = "S08003",
    title = "{The ATLAS Experiment at the CERN Large Hadron Collider}",
    volume = "3",
    year = "2008"
}

@techreport{Capeans:1291633,
      author        = "Capeans, M and Darbo, G and Einsweiller, K and Elsing, M
                       and Flick, T and Garcia-Sciveres, M and Gemme, C and
                       Pernegger, H and Rohne, O and Vuillermet, R",
      title         = "{ATLAS Insertable B-Layer Technical Design Report}",
      collaboration = "ATLAS Collaboration",
      number        = "CERN-LHCC-2010-013. ATLAS-TDR-19",
      month         = "Sep",
      year          = "2010",
      reportNumber  = "CERN-LHCC-2010-013",
      url           = "https://cds.cern.ch/record/1291633",
}

@techreport{ATL-PHYS-PUB-2015-018,
      title         = "{Track Reconstruction Performance of the ATLAS Inner
                       Detector at $\sqrt{s}=13$~TeV}",
      institution   = "CERN",
      address       = "Geneva",
      number        = "ATL-PHYS-PUB-2015-018",
      month         = "Jul",
      year          = "2015",
      reportNumber  = "ATL-PHYS-PUB-2015-018",
      url           = "https://cds.cern.ch/record/2037683",
}

@techreport{Pernegger:1985432,
      author        = "Pernegger, Heinz",
      title         = "{The Pixel Detector of the ATLAS Experiment for LHC
                       Run-2}",
      institution   = "CERN",
      address       = "Geneva",
      number        = "ATL-INDET-PROC-2015-001. 06",
      month         = "Feb",
      year          = "2015",
      reportNumber  = "ATL-INDET-PROC-2015-001",
      url           = "https://cds.cern.ch/record/1985432",
      doi           = "10.1088/1748-0221/10/06/C06012",
}

@article{collaboration_2014,
   title={Operation and performance of the ATLAS semiconductor tracker},
   volume={9},
   ISSN={1748-0221},
   url={http://dx.doi.org/10.1088/1748-0221/9/08/P08009},
   DOI={10.1088/1748-0221/9/08/p08009},
   number={08},
   journal={Journal of Instrumentation},
   publisher={IOP Publishing},
   author={collaboration, The ATLAS},
   year={2014},
   month={Aug},
   pages={P08009–P08009}
}

@article{Andronic_2012,
   title={Transition radiation detectors},
   volume={666},
   ISSN={0168-9002},
   url={http://dx.doi.org/10.1016/j.nima.2011.09.041},
   DOI={10.1016/j.nima.2011.09.041},
   journal={Nuclear Instruments and Methods in Physics Research Section A: Accelerators, Spectrometers, Detectors and Associated Equipment},
   publisher={Elsevier BV},
   author={Andronic, A. and Wessels, J.P.},
   year={2012},
   month={Feb},
   pages={130–147}
}

@book{CERN-LHCC-97-018,
      title         = "{ATLAS magnet system: Technical Design Report, 1}",
      publisher     = "CERN",
      collaboration = "ATLAS Collaboration",
      address       = "Geneva",
      series        = "Technical Design Report ATLAS",
      year          = "1997",
      reportNumber  = "CERN-LHCC-97-018",
      url           = "https://cds.cern.ch/record/338080",
}

@article{kuger2017signal,
author = {Kuger, Fabian},
year = {2017},
month = {08},
pages = {},
title = {Signal Formation Processes in Micromegas Detectors and Quality Control for large size Detector Construction for the ATLAS New Small Wheel}
}

@book{CERN-LHCC-97-022,
      title         = "{ATLAS muon spectrometer: Technical Design Report}",
      publisher     = "CERN",
      collaboration = "ATLAS Collaboration",
      address       = "Geneva",
      series        = "Technical Design Report ATLAS",
      year          = "1997",
      reportNumber  = "CERN-LHCC-97-022",
      url           = "https://cds.cern.ch/record/331068",
}

@techreport{Buckley:2014150,
      author        = "Buckley, Andrew and Eifert, Till and Elsing, Markus and
                       Gillberg, Dag Ingemar and Koeneke, Karsten and
                       Krasznahorkay, Attila and Moyse, Edward and Nowak, Marcin
                       and Snyder, Scott and van Gemmeren, Peter",
      title         = "{Implementation of the ATLAS Run 2 event data model}",
      institution   = "CERN",
      collaboration = "The ATLAS collaboration",
      address       = "Geneva",
      number        = "ATL-SOFT-PROC-2015-003. 7",
      month         = "May",
      year          = "2015",
      reportNumber  = "ATL-SOFT-PROC-2015-003",
      url           = "https://cds.cern.ch/record/2014150",
      doi           = "10.1088/1742-6596/664/7/072045",
}

@techreport{Ruiz-Martinez:2133909,
      author        = "Ruiz-Martinez, Aranzazu and ATLAS Collaboration",
      title         = "{The Run-2 ATLAS Trigger System}",
      institution   = "CERN",
      address       = "Geneva",
      number        = "ATL-DAQ-PROC-2016-003",
      month         = "Feb",
      year          = "2016",
      reportNumber  = "ATL-DAQ-PROC-2016-003",
      url           = "https://cds.cern.ch/record/2133909",
      doi           = "10.1088/1742-6596/762/1/012003",
}

@article{Bird:1447125,
      author        = "Bird, Ian",
      title         = "{Computing for the Large Hadron Collider}",
      journal       = "Annu. Rev. Nucl. Part. Sci.",
      volume        = "61",
      pages         = "99-118. 20 p",
      year          = "2011",
      url           = "https://cds.cern.ch/record/1447125",
      doi           = "10.1146/annurev-nucl-102010-130059",
}

@article{Aharrouche_2006,
   title={Energy linearity and resolution of the ATLAS electromagnetic barrel calorimeter in an electron test-beam},
   volume={568},
   ISSN={0168-9002},
   url={http://dx.doi.org/10.1016/j.nima.2006.07.053},
   DOI={10.1016/j.nima.2006.07.053},
   number={2},
   journal={Nuclear Instruments and Methods in Physics Research Section A: Accelerators, Spectrometers, Detectors and Associated Equipment},
   publisher={Elsevier BV},
   author={Aharrouche, M. and Colas, J. and Di Ciaccio, L. and El Kacimi, M. and Gaumer, O. and Gouanère, M. and Goujdami, D. and Lafaye, R. and Laplace, S. and Le Maner, C. and et al.},
   year={2006},
   month={Dec},
   pages={601–623}
}

@article{Strizenec:2009zz,
    author = "Strizenec, Pavol and Minaenko, Andrey",
    doi = "10.1088/1742-6596/160/1/012078",
    journal = "J. Phys. Conf. Ser.",
    pages = "012078",
    title = "{Performance of the ATLAS liquid argon endcap calorimeter in beam tests}",
    volume = "160",
    year = "2009"
}

@article{Cojocaru:2004jk,
    author = "Cojocaru, C. and others",
    archivePrefix = "arXiv",
    collaboration = "ATLAS Liquid Argon EMEC/HEC",
    doi = "10.1016/j.nima.2004.05.133",
    eprint = "physics/0407009",
    journal = "Nucl. Instrum. Meth. A",
    pages = "481--514",
    reportNumber = "MPP-2004-81",
    title = "{Hadronic calibration of the ATLAS liquid argon end-cap calorimeter in the pseudorapidity region 1.6 < |$\eta$| < 1.8 in beam tests}",
    volume = "531",
    year = "2004"
}

@article{Adragna:2009zz,
    author = "Adragna, P. and others",
    doi = "10.1016/j.nima.2009.04.009",
    journal = "Nucl. Instrum. Meth. A",
    pages = "362--394",
    reportNumber = "ATL-TILECAL-PUB-2009-002, ATL-COM-TILECAL-2009-004",
    title = "{Testbeam studies of production modules of the ATLAS tile calorimeter}",
    volume = "606",
    year = "2009"
}

@article{Hoecker:2236645,
      author        = "Hoecker, Andreas",
      title         = "{Physics at the LHC Run-2 and Beyond. Physics at the LHC
                       Run-2 and Beyond}",
      number        = "arXiv:1611.07864",
      pages         = "153-212. 61 p",
      month         = "Nov",
      year          = "2016",
      reportNumber  = "arXiv:1611.07864",
      url           = "https://cds.cern.ch/record/2236645",
      note          = "Lecture notes from the 2016 European School of High-Energy
                       Physics, 15-28 June 2016, Skeikampen, Norway (61 pages, 56
                       figures)",
      doi           = "10.23730/CYRSP-2017-005.153",
}
