@article{Pappadopulo:2014qza,
    author = "Pappadopulo, Duccio and Thamm, Andrea and Torre, Riccardo and Wulzer, Andrea",
    title = "{Heavy Vector Triplets: Bridging Theory and Data}",
    eprint = "1402.4431",
    archivePrefix = "arXiv",
    primaryClass = "hep-ph",
    doi = "10.1007/JHEP09(2014)060",
    journal = "JHEP",
    volume = "09",
    pages = "060",
    year = "2014"
}